@phdthesis{Ravindran2004,
author = {Ravindran, Balaraman},
booktitle = {Science},
file = {:home/teju/mendeley-papers/Ravindran/Science/Ravindran - 2004 - An Algebraic Approach To Abstraction In Reinforcement Learning.pdf:pdf},
number = {February},
school = {University of Massachusetts, Amherst},
title = {{An Algebraic Approach To Abstraction In Reinforcement Learning}},
year = {2004}
}

@inproceedings{Li06,
author = {Li, Lihong and Walsh, Thomas J and Littman, Michael L},
booktitle = {Proceedings of the Ninth International Symposium on Artificial Intelligence and Mathematics},
file = {:home/teju/mendeley-papers/Li, Walsh, Littman/Proceedings of the Ninth International Symposium on Artificial Intelligence and Mathematics/Li, Walsh, Littman - 2006 - Towards a Unified Theory of State Abstraction for MDPs.pdf:pdf},
pages = {531----539},
title = {{Towards a Unified Theory of State Abstraction for MDPs}},
year = {2006}
}

@inproceedings{Narayanamurthy2008,
address = {New York, New York, USA},
author = {Narayanamurthy, Shravan Matthur and Ravindran, Balaraman},
doi = {10.1145/1390156.1390243},
file = {:home/teju/mendeley-papers/Narayanamurthy, Ravindran/Proceedings of the 25th international conference on Machine learning - ICML '08/Narayanamurthy, Ravindran - 2008 - On the hardness of finding symmetries in Markov decision processes.pdf:pdf},
isbn = {9781605582054},
booktitle = {Proceedings of the 25th international conference on Machine learning - ICML '08},
pages = {688--695},
publisher = {ACM Press},
title = {{On the hardness of finding symmetries in Markov decision processes}},
url = {http://portal.acm.org/citation.cfm?doid=1390156.1390243},
year = {2008}
}

@inproceedings{Sorg2009,
author = {Sorg, Jonathan and Singh, Satinder},
booktitle = {AAMAS},
file = {:home/teju/mendeley-papers/Sorg, Singh/AAMAS/Sorg, Singh - 2009 - Transfer via Soft Homomorphisms.pdf:pdf},
keywords = {homomorphism,markov decision process,transfer learning},
pages = {741--748},
title = {{Transfer via Soft Homomorphisms}},
year = {2009}
}

@inproceedings{Andra2008,
author = {Andra, Antos and Munos, Remi and Szepesv\'{a}ri, Csaba},
booktitle = {NIPS},
file = {:home/teju/mendeley-papers/Andra, Munos, Szepesv\'{a}ri/NIPS/Andra, Munos, Szepesv\'{a}ri - 2008 - Fitted Q-iteration in continuous action-space MDPs.pdf:pdf},
pages = {1--8},
title = {{Fitted Q-iteration in continuous action-space MDPs}},
year = {2008}
}

@inproceedings{Soni2006,
author = {Soni, Vishal and Singh, Satinder},
booktitle = {AAAI},
file = {:home/teju/mendeley-papers/Soni, Singh/AAAI/Soni, Singh - 2006 - Using Homomorphisms to Transfer Options across Continuous Reinforcement Learning Domains.pdf:pdf},
title = {{Using Homomorphisms to Transfer Options across Continuous Reinforcement Learning Domains}},
year = {2006}
}

@inproceedings{James2004,
author = {James, Michael R and Singh, Satinder and Rudary, Matthew R},
booktitle = {UAI},
file = {:home/teju/mendeley-papers/James, Singh, Rudary/UAI/James, Singh, Rudary - 2004 - Predictive State Representations A New Theory for Modeling Dynamical Systems.pdf:pdf},
pages = {512--519},
title = {{Predictive State Representations : A New Theory for Modeling Dynamical Systems}},
year = {2004}
}

@inproceedings{Wolfe2006,
author = {Wolfe, Alicia Peregrin},
booktitle = {NIPS},
file = {:home/teju/mendeley-papers/Wolfe/NIPS/Wolfe - 2006 - POMDP Homomorphisms.pdf:pdf},
title = {{POMDP Homomorphisms}},
year = {2006}
}

@inproceedings{Soni2007,
author = {Soni, Vishal and Singh, Satinder},
booktitle = {AAAI},
file = {:home/teju/mendeley-papers/Soni, Singh/AAAI/Soni, Singh - 2007 - Abstraction in Predictive State Representations.pdf:pdf},
title = {{Abstraction in Predictive State Representations}},
year = {2007}
}

@article{Kaelbling1998,
author = {Kaelbling, Leslie Pack and Littman, Michael L. and Cassandra, Anthony R.},
doi = {10.1016/S0004-3702(98)00023-X},
file = {:home/teju/mendeley-papers/Kaelbling, Littman, Cassandra/Artificial Intelligence/Kaelbling, Littman, Cassandra - 1998 - Planning and acting in partially observable stochastic domains.pdf:pdf},
issn = {00043702},
journal = {Artificial Intelligence},
keywords = {a large office building,a robot navigating in,completely reliable,consider the problem of,from hallway intersection to,however,intersection and can make,it,its actions are not,local observations of its,move,partially observable markov decision,planning,processes,sometimes,the robot can move,uncertainty,when it intends to,world},
month = may,
number = {1-2},
pages = {99--134},
title = {{Planning and acting in partially observable stochastic domains}},
url = {http://linkinghub.elsevier.com/retrieve/pii/S000437029800023X},
volume = {101},
year = {1998}
}

@techreport{Murphy2000,
author = {Murphy, Kevin P},
file = {:home/teju/mendeley-papers/Murphy/Unknown/Murphy - 2000 - A Survey of POMDP Solution Techniques.pdf:pdf},
pages = {1--12},
title = {{A Survey of POMDP Solution Techniques}},
year = {2000}
}

@inproceedings{Simsek2008,
author = {\c{S}im\c{s}ek, \"{O}zg\"{u}r and Barto, Andrew G},
booktitle = {NIPS},
file = {:home/teju/mendeley-papers/Şimşek, Barto/NIPS/Şimşek, Barto - 2008 - Skill characterization based on betweenness.pdf:pdf},
pages = {1--8},
title = {{Skill characterization based on betweenness}},
year = {2008}
}

@inproceedings{Martel2004,
author = {Martel, Chip and Nguyen, Van},
booktitle = {PODC},
file = {:home/teju/mendeley-papers/Martel, Nguyen/PODC/Martel, Nguyen - 2004 - Analyzing Kleinberg ’s (and other) Small-world Models.pdf:pdf},
isbn = {1581138024},
keywords = {diameter,random graphs,routing,small-world network},
title = {{Analyzing Kleinberg's (and other) Small-world Models}},
volume = {2},
year = {2004}
}

@article{Kleinberg2000,
author = {Kleinberg, Jon},
file = {:home/teju/mendeley-papers/Kleinberg/ACM Theory of Computing/Kleinberg - 2000 - The Small-World Phenomenon An Algorithmic Perspective.pdf:pdf},
journal = {ACM Theory of Computing},
pages = {163--170},
title = {{The Small-World Phenomenon : An Algorithmic Perspective}},
volume = {32},
year = {2000}
}

@inproceedings{Stolle2002,
author = {Stolle, Martin and Precup, Doina},
booktitle = {Lecture Notes in Computer Science},
file = {:home/teju/mendeley-papers/Stolle, Precup/Lecture Notes in Computer Science/Stolle, Precup - 2002 - Learning Options in Reinforcement Learning.pdf:pdf},
pages = {212--223},
title = {{Learning Options in Reinforcement Learning}},
year = {2002}
}

@article{SuttonPrecupSingh1999,
author = {Sutton, Richard S and Precup, Doina and Singh, Satinder},
file = {:home/teju/mendeley-papers/Sutton, Precup, Singh/Artificial Intelligence/Sutton, Precup, Singh - 1999 - Between MDPs and Semi-MDPs Learning , Planning , and Representing Knowledge at Multiple Temporal Scales at Multiple Temporal Scales.pdf:pdf},
journal = {Artificial Intelligence},
pages = {181--211},
title = {{Between MDPs and Semi-MDPs : Learning , Planning , and Representing Knowledge at Multiple Temporal Scales at Multiple Temporal Scales}},
volume = {112},
year = {1999}
}

@article{Simsek2005,
address = {New York, New York, USA},
author = {\c{S}im\c{s}ek, \"{O}zg\"{u}r and Wolfe, Alicia P. and Barto, Andrew G.},
doi = {10.1145/1102351.1102454},
file = {:home/teju/mendeley-papers/Şimşek, Wolfe, Barto/Proceedings of the 22nd international conference on Machine learning - ICML '05/Şimşek, Wolfe, Barto - 2005 - Identifying useful subgoals in reinforcement learning by local graph partitioning.pdf:pdf},
isbn = {1595931805},
journal = {Proceedings of the 22nd international conference on Machine learning - ICML '05},
pages = {816--823},
publisher = {ACM Press},
title = {{Identifying useful subgoals in reinforcement learning by local graph partitioning}},
url = {http://portal.acm.org/citation.cfm?doid=1102351.1102454},
year = {2005}
}

@article{BartoMahadevan2003,
author = {Barto, Andrew G and Mahadevan, Sridhar},
title = {{Recent Advances in Hierarchical Reinforcement Learning}},
journal = {Discrete Event Dynamic Systems},
file = {:home/teju/mendeley-papers/Barto, Mahadevan/Unknown/Barto, Mahadevan - 2003 - Recent Advances in Hierarchical Reinforcement Learning Markov and Semi-Markov Decision Processes.pdf:pdf},
pages = {1--28},
year = {2003}
}

@inproceedings{Li2006,
author = {Li, Lihong and Walsh, Thomas J and Littman, Michael L},
booktitle = {In Proceedings of the Ninth International Symposium on Artificial Intelligence and Mathematics},
pages = {531--539},
title = {{Towards a Unified Theory of State Abstraction for MDPs}},
year = {2006}
}

@inproceedings{Thrun1995,
author = {Thrun, Sebastian and Schwartz, Anton},
booktitle = {Advances in Neural Information Processing Systems 7},
file = {:home/teju/mendeley-papers/Thrun, Schwartz/Advances in Neural Information Processing Systems 7/Thrun, Schwartz - 1995 - Finding Structure in Reinforcement Learning.pdf:pdf},
pages = {385--392},
title = {{Finding Structure in Reinforcement Learning}},
year = {1995}
}

@inproceedings{Menache2002,
author = {Menache, Ishai and Mannor, Shie and Shimkin, Nahum},
booktitle = {ECML},
file = {:home/teju/mendeley-papers/Menache, Mannor, Shimkin/ECML/Menache, Mannor, Shimkin - 2002 - Q-Cut - Dynamic Discovery of Sub-Goals in Reinforcement Learning.pdf:pdf},
title = {{Q-Cut - Dynamic Discovery of Sub-Goals in Reinforcement Learning}},
year = {2002}
}

@inproceedings{Ravindran2003,
author = {Ravindran, Balaraman and Barto, Andrew G},
booktitle = {International Conference on Machine Learning},
file = {:home/teju/mendeley-papers/Ravindran, Barto/International Conference on Machine Learning/Ravindran, Barto - 2003 - Relativized Options Choosing the Right Transformation.pdf:pdf},
title = {{Relativized Options : Choosing the Right Transformation}},
year = {2003}
}

@inproceedings{McGovern2001,
author = {McGovern, Amy and Barto, Andrew G},
booktitle = {ICML},
file = {:home/teju/mendeley-papers/McGovern, Barto/ICML/McGovern, Barto - 2001 - Automatic Discovery of Subgoals in Reinforcement Learning using Diverse Density.pdf:pdf},
pages = {1--8},
title = {{Automatic Discovery of Subgoals in Reinforcement Learning using Diverse Density}},
year = {2001}
}

@book{Feller1968, 
  author={Feller, W},
  title={An Introduction to Probability Theory and Its Applications}, 
  volume={1},
  publisher={Wiley}, 
  year={1968},
}

@inproceedings{Jerrum1988,
 author = {Jerrum, Mark and Sinclair, Alistair},
 title = {Conductance and the rapid mixing property for Markov chains: the approximation of permanent resolved},
 booktitle = {Proceedings of the twentieth annual ACM symposium on Theory of computing},
 series = {STOC '88},
 year = {1988},
 isbn = {0-89791-264-0},
 location = {Chicago, Illinois, United States},
 pages = {235--244},
 numpages = {10},
 url = {http://doi.acm.org/10.1145/62212.62234},
 doi = {http://doi.acm.org/10.1145/62212.62234},
 acmid = {62234},
 publisher = {ACM},
 address = {New York, NY, USA},
} 

@inproceedings{Salehi2007,
  author={Tahbaz-Salehi, A. and Jadbabaie, A.},
  booktitle={Decision and Control, 2007 46th IEEE Conference on}, 
  title={Small world phenomenon, rapidly mixing Markov chains, and average consensus algorithms},
  year={2007},
  pages={276 -281},
  keywords={average consensus algorithms;graph diameter;independent random edges;mixing Markov chains;random matching;small world phenomenon;symmetric Markov chain;Markov processes;graph theory;random processes;},
  doi={10.1109/CDC.2007.4434174},
  ISSN={0191-2216},
}

@inproceedings{Saber2005,
  author={Olfati-Saber, R.},
  booktitle={American Control Conference, 2005. Proceedings of the 2005}, 
  title={Ultrafast consensus in small-world networks},
  year={2005},
  pages={ 2371 - 2378 vol. 4},
  keywords={ Laplacian matrix; algebraic connectivity; bulk Laplacian spectrum; network design algorithm; percolation theory; phase transition phenomenon; random matrices theory; random rewiring; small-world networks; ultra fast information networks; graph theory; matrix algebra;},
  doi={10.1109/ACC.2005.1470321},
  ISSN={0743-1619},
}

@article{Taylor2009a,
  author = {Taylor, Matthew E and Stone, Peter},
  file = {:home/teju/mendeley-papers/Taylor, Stone/Journal of Machine Learning Research/Taylor, Stone - 2009 - Transfer Learning for Reinforcement Learning Domains A Survey.pdf:pdf},
  journal = {Journal of Machine Learning Research},
  keywords = {1,1998,actions with the goal,for example,in reinforcement learning,leaning agents take sequential,multi-task learning,of maximizing a reward,problems,reinforcement learning,rl,signal,sutton and barto,transfer learning,transfer learning objectives,which may be time-delayed},
  pages = {1633--1685},
  title = {{Transfer Learning for Reinforcement Learning Domains: A Survey}},
  volume = {10},
  year = {2009}
}
@article{Liben-Nowell2005,
author = {Liben-Nowell, David and Novak, Jasmine and Kumar, Ravi and Raghavan, Prabhakar and Tomkins, Andrew},
file = {:home/teju/mendeley-papers/Liben-Nowell et al/PNAS/Liben-Nowell et al. - 2005 - Geographic routing in social networks.pdf:pdf},
journal = {PNAS},
pages = {1--6},
title = {{Geographic routing in social networks}},
year = {2005}
}

@inproceedings{Engel2006,
author = {Engel, Yaakov and Szabo, Peter and Volkinshtein, Dmitry},
booktitle = {Advances in Neural Information Processing Systems},
file = {:home/teju/mendeley-papers/Engel, Szabo, Volkinshtein/Advances in Neural Information Processing Systems/Engel, Szabo, Volkinshtein - 2006 - Learning to Control an Octopus Arm with Gaussian Process Temporal Difference Methods.pdf:pdf},
pages = {347--354},
title = {{Learning to Control an Octopus Arm with Gaussian Process Temporal Difference Methods}},
volume = {c},
year = {2006}
}

@inproceedings{Taylor2007b,
author = {Taylor, Matthew E and Whiteson, Shimon and Stone, Peter},
booktitle = {Autonomous Agents and Multi-Agent Systems},
file = {:home/teju/mendeley-papers/Taylor, Whiteson, Stone/Autonomous Agents and Multi-Agent Systems/Taylor, Whiteson, Stone - 2007 - Transfer via Inter-Task Mappings in Policy Search Reinforcement Learning.pdf:pdf},
isbn = {1595930949},
number = {May},
title = {{Transfer via Inter-Task Mappings in Policy Search Reinforcement Learning}},
year = {2007}
}
@inproceedings{Taylor2008c,
author = {Taylor, Matthew E and Kuhlmann, Gregory and Stone, Peter},
booktitle = {Autonomous Agents and Multi-Agent Systems},
file = {:home/teju/mendeley-papers/Taylor, Kuhlmann, Stone/Autonomous Agents and Multi-Agent Systems/Taylor, Kuhlmann, Stone - 2008 - Autonomous Transfer for Reinforcement Learning.pdf:pdf},
keywords = {reinforcement learning,transfer learning},
number = {May},
title = {{Autonomous Transfer for Reinforcement Learning}},
year = {2008}
}

@article{Doya2002,
author = {Doya, Kenji and Samejima, Kazuyuki and Katagiri, Ken-ichi and Kawato, Mitsuo},
journal = {Neural computation},
keywords = {Humans,Learning,Mental Processes,Models, Psychological,Reinforcement (Psychology)},
month = jun,
number = {6},
pages = {1347--69},
pmid = {12020450},
title = {{Multiple model-based reinforcement learning.}},
volume = {14},
year = {2002}
}
@article{Guestrin2003,
author = {Guestrin, Carlos and Koller, Daphne and Parr, Ronald and Venkataraman, Shobha},
doi = {10.1360/jos160733},
file = {:home/teju/mendeley-papers/Guestrin et al/Journal of Machine Learning Research/Guestrin et al. - 2003 - Efficient Solution Algorithms for Factored MDPs.pdf:pdf},
journal = {Journal of Machine Learning Research},
pages = {399--468},
title = {{Efficient Solution Algorithms for Factored MDPs}},
volume = {19},
year = {2003}
}
@inproceedings{Ravindran2004b,
author = {Ravindran, Balaraman and Barto, Andrew G},
booktitle = {Knowledge Based Computer Systems},
file = {:home/teju/mendeley-papers/Ravindran, Barto/Knowledge Based Computer Systems/Ravindran, Barto - 2004 - Approximate Homomorphisms A framework for non-exact minimization in Markov Decision Processes.pdf:pdf},
title = {{Approximate Homomorphisms : A framework for non-exact minimization in Markov Decision Processes}},
year = {2004}
}
@inproceedings{Taylor2009,
author = {Taylor, Jonathan J and Precup, Doina and Panangaden, Prakash},
booktitle = {NIPS},
file = {:home/teju/mendeley-papers/Taylor, Precup, Panangaden/NIPS/Taylor, Precup, Panangaden - 2009 - Bounding Performance Loss in Approximate MDP Homomorphisms.pdf:pdf;:home/teju/mendeley-papers/Taylor, Precup, Panangaden/NIPS/Taylor, Precup, Panangaden - 2009 - Bounding Performance Loss in Approximate MDP Homomorphisms.pdf:pdf},
title = {{Bounding Performance Loss in Approximate MDP Homomorphisms}},
year = {2009}
}
