@article{koren,
  title={Matrix factorization techniques for recommender systems},
  author={Koren, Yehuda and Bell, Robert and Volinsky, Chris},
  journal={Computer},
  volume={42},
  number={8},
  pages={30--37},
  year={2009},
  publisher={Institute of Electrical and Electronics Engineers, Inc., 3 Park Avenue, 17 th Fl New York NY 10016-5997 United States}
}


@article{burkeRentMe,
  title={Knowledge-based recommender systems},
  author={Burke, Robin},
  journal={Encyclopedia of library and information systems},
  volume={69},
  number={Supplement 32},
  pages={175--186},
  year={2000}
}

@inproceedings{burkeEarlierSystems,
  title={Knowledge-based navigation of complex information spaces},
  author={Burke, Robin D and Hammond, Kristian J and Young, Benjamin C},
  booktitle={Proceedings of the national conference on artificial intelligence},
  volume={462},
  pages={468},
  year={1996}
}

@inproceedings{mccarthy2004dynamic,
  title={On the dynamic generation of compound critiques in conversational recommender systems},
  author={McCarthy, Kevin and Reilly, James and McGinty, Lorraine and Smyth, Barry},
  booktitle={Adaptive Hypermedia and Adaptive Web-Based Systems},
  pages={176--184},
  year={2004},
  organization={Springer}
}

@inproceedings{mautPaper,
  title={A comparative study of compound critique generation in conversational recommender systems},
  author={Zhang, Jiyong and Pu, Pearl},
  booktitle={Adaptive Hypermedia and Adaptive Web-Based Systems},
  pages={234--243},
  year={2006},
  organization={Springer}
}

@article{adom2005,
  title={Toward the next generation of recommender systems: A survey of the state-of-the-art and possible extensions},
  author={Adomavicius, Gediminas and Tuzhilin, Alexander},
  journal={Knowledge and Data Engineering, IEEE Transactions on},
  volume={17},
  number={6},
  pages={734--749},
  year={2005},
  publisher={IEEE}
}

@article{balab1997,
  title={Fab: content-based, collaborative recommendation},
  author={Balabanovi{\'c}, Marko and Shoham, Yoav},
  journal={Communications of the ACM},
  volume={40},
  number={3},
  pages={66--72},
  year={1997},
  publisher={ACM}
}

@book{jannach,
  title={Recommender systems: an introduction},
  author={Jannach, Dietmar and Zanker, Markus and Felfernig, Alexander and Friedrich, Gerhard},
  year={2010},
  publisher={Cambridge University Press}
}

@inproceedings{billsus,
  title={A personal news agent that talks, learns and explains},
  author={Billsus, Daniel and Pazzani, Michael J},
  booktitle={Proceedings of the third annual conference on Autonomous Agents},
  pages={268--275},
  year={1999},
  organization={ACM}
}
