@article{koren,
  title={Matrix factorization techniques for recommender systems},
  author={Koren, Yehuda and Bell, Robert and Volinsky, Chris},
  journal={Computer},
  volume={42},
  number={8},
  pages={30--37},
  year={2009},
  publisher={Institute of Electrical and Electronics Engineers, Inc., 3 Park Avenue, 17 th Fl New York NY 10016-5997 United States}
}


@article{burkeRentMe,
  title={Knowledge-based recommender systems},
  author={Burke, Robin},
  journal={Encyclopedia of library and information systems},
  volume={69},
  number={Supplement 32},
  pages={175--186},
  year={2000}
}

@inproceedings{burkeEarlierSystems,
  title={Knowledge-based navigation of complex information spaces},
  author={Burke, Robin D and Hammond, Kristian J and Young, Benjamin C},
  booktitle={Proceedings of the national conference on artificial intelligence},
  volume={462},
  pages={468},
  year={1996}
}

@inproceedings{mccarthy2004dynamic,
  title={On the dynamic generation of compound critiques in conversational recommender systems},
  author={McCarthy, Kevin and Reilly, James and McGinty, Lorraine and Smyth, Barry},
  booktitle={Adaptive Hypermedia and Adaptive Web-Based Systems},
  pages={176--184},
  year={2004},
  organization={Springer}
}

@inproceedings{mautPaper,
  title={A comparative study of compound critique generation in conversational recommender systems},
  author={Zhang, Jiyong and Pu, Pearl},
  booktitle={Adaptive Hypermedia and Adaptive Web-Based Systems},
  pages={234--243},
  year={2006},
  organization={Springer}
}

@article{adom2005,
  title={Toward the next generation of recommender systems: A survey of the state-of-the-art and possible extensions},
  author={Adomavicius, Gediminas and Tuzhilin, Alexander},
  journal={Knowledge and Data Engineering, IEEE Transactions on},
  volume={17},
  number={6},
  pages={734--749},
  year={2005},
  publisher={IEEE}
}

@article{balab1997,
  title={Fab: content-based, collaborative recommendation},
  author={Balabanovi{\'c}, Marko and Shoham, Yoav},
  journal={Communications of the ACM},
  volume={40},
  number={3},
  pages={66--72},
  year={1997},
  publisher={ACM}
}

@book{jannach,
  title={Recommender systems: an introduction},
  author={Jannach, Dietmar and Zanker, Markus and Felfernig, Alexander and Friedrich, Gerhard},
  year={2010},
  publisher={Cambridge University Press}
}

@inproceedings{billsus,
  title={A personal news agent that talks, learns and explains},
  author={Billsus, Daniel and Pazzani, Michael J},
  booktitle={Proceedings of the third annual conference on Autonomous Agents},
  pages={268--275},
  year={1999},
  organization={ACM}
}

@article{aamodt94,
  title={Case-based reasoning: Foundational issues, methodological variations, and system approaches},
  author={Aamodt, Agnar and Plaza, Enric},
  journal={AI communications},
  volume={7},
  number={1},
  pages={39--59},
  year={1994},
  publisher={IOS Press}
}


@incollection{wilke98,
  title={Intelligent sales support with CBR},
  author={Wilke, Wolfgang and Lenz, Mario and Wess, Stefan},
  booktitle={Case-based reasoning technology},
  pages={91--113},
  year={1998},
  publisher={Springer}
}

@incollection{boundedGreedy,
  title={Similarity vs. diversity},
  author={Smyth, Barry and McClave, Paul},
  booktitle={Case-Based Reasoning Research and Development},
  pages={347--361},
  year={2001},
  publisher={Springer}
}

@incollection{smyth2007,
  title={Case-based recommendation},
  author={Smyth, Barry},
  booktitle={The adaptive web},
  pages={342--376},
  year={2007},
  publisher={Springer}
}

@inproceedings{expertclerk,
  title={ExpertClerk: navigating shoppers' buying process with the combination of asking and proposing},
  author={Shimazu, Hideo},
  booktitle={Proceedings of the 17th international joint conference on Artificial intelligence-Volume 2},
  pages={1443--1448},
  year={2001},
  organization={Morgan Kaufmann Publishers Inc.}
}

@incollection{mcsherry02,
  title={Diversity-conscious retrieval},
  author={McSherry, David},
  booktitle={Advances in Case-Based Reasoning},
  pages={219--233},
  year={2002},
  publisher={Springer}
}

@article{bridge02,
  title={An expressive query language for product recommender systems},
  author={Bridge, Derek and Ferguson, Alex},
  journal={Artificial Intelligence Review},
  volume={18},
  number={3-4},
  pages={269--307},
  year={2002},
  publisher={Springer}
}

@incollection{mcsherry03,
      title={Similarity and compromise},
    author={McSherry, David},
  booktitle={Case-Based Reasoning Research and Development},
    pages={291--305},
      year={2003},
        publisher={Springer}
}

@article{shimazu01,
  title={ExpertGuide: A conversational case-based reasoning tool for developing mentors in knowledge spaces},
  author={Simazu, Hideo and Shibata, Akihiro and Nihei, Katsumi},
  journal={Applied Intelligence},
  volume={14},
  number={1},
  pages={33--48},
  year={2001},
  publisher={Springer}
}

@article{thompson04,
  title={A personalized system for conversational recommendations},
  author={Thompson, Cynthia A and G{\"o}ker, Mehmet H and Langley, Pat},
  journal={J. Artif. Intell. Res.(JAIR)},
  volume={21},
  pages={393--428},
  year={2004}
}

@incollection{smyth99tv,
  title={Surfing the Digital Wave},
  author={Smyth, Barry and Cotter, Paul},
  booktitle={Case-Based Reasoning Research and Development},
  pages={561--571},
  year={1999},
  publisher={Springer}
}

@incollection{comparisonbr,
  title={Comparison-based recommendation},
  author={Mc Ginty, Lorraine and Smyth, Barry},
  booktitle={Advances in Case-Based Reasoning},
  pages={575--589},
  year={2002},
  publisher={Springer}
}
@incollection{reilly04,
  title={Dynamic critiquing},
  author={Reilly, James and McCarthy, Kevin and McGinty, Lorraine and Smyth, Barry},
  booktitle={Advances in Case-Based Reasoning},
  pages={763--777},
  year={2004},
  publisher={Springer}
}

@incollection{mcginty11,
  title={On the evolution of critiquing recommenders},
  author={McGinty, Lorraine and Reilly, James},
  booktitle={Recommender Systems Handbook},
  pages={419--453},
  year={2011},
  publisher={Springer}
}

@inproceedings{aptDecision,
  title={Intelligent profiling by example},
  author={Shearin, Sybil and Lieberman, Henry},
  booktitle={Proceedings of the 6th international conference on Intelligent user interfaces},
  pages={145--151},
  year={2001},
  organization={ACM}
}

@article{ata,
  title={Interactive assessment of user preference models: The automated travel assistant},
  author={Linden, Greg and Hanks, Steve and Lesh, Neal and others},
  journal={Courses and lectures-International centre for mechanical sciences},
  pages={67--78},
  year={1997},
  publisher={Citeseer}
}

@article{aprioriAlgo,
  title={Fast Discovery of Association Rules.},
  author={Agrawal, Rakesh and Mannila, Heikki and Srikant, Ramakrishnan and Toivonen, Hannu and Verkamo, A Inkeri and others},
  journal={Advances in knowledge discovery and data mining},
  volume={12},
  number={1},
  pages={307--328},
  year={1996},
  publisher={AAAI/MIT Press Menlo Park, CA}
}

@article{incremental,
  title={Incremental critiquing},
  author={Reilly, James and McCarthy, Kevin and McGinty, Lorraine and Smyth, Barry},
  journal={Knowledge-Based Systems},
  volume={18},
  number={4},
  pages={143--151},
  year={2005},
  publisher={Elsevier}
}

@inproceedings{liveUserStudy,
  title={Evaluating compound critiquing recommenders: a real-user study},
  author={Reilly, James and Zhang, Jiyong and McGinty, Lorraine and Pu, Pearl and Smyth, Barry},
  booktitle={Proceedings of the 8th ACM conference on Electronic commerce},
  pages={114--123},
  year={2007},
  organization={ACM}
}